@article{wang2023,
    author={Wang, Y. and Zhang, L. and Liu, Q.},
    title={Deep Learning-based Recommendation Systems: A Comprehensive Survey},
    journal={ACM Computing Surveys},
    volume={56},
    number={6},
    pages={1-39},
    year={2023},
    publisher={ACM}
}

@article{liu2024,
    author={Liu, M. and Chen, H. and Li, J.},
    title={An Adaptive Learning Path Recommendation Method Based on Machine Learning},
    journal={International Journal of Distance Education Technologies},
    volume={22},
    number={3},
    pages={22-38},
    year={2024},
    publisher={IGI Global}
}

@article{zhang2023,
    author={Zhang, Y. and Wang, J. and Liu, X.},
    title={Hybrid Job Skill Recommendation Model Based on Deep Learning},
    journal={Information Technology and Management},
    volume={25},
    number={4},
    pages={233-246},
    year={2023},
    publisher={Springer}
}

@article{li2022,
    author={Li, Q. and Huang, Y. and Chen, W.},
    title={Intelligent Chatbot Systems: A Review of Recent Advances and Challenges},
    journal={IEEE Transactions on Human-Machine Systems},
    volume={52},
    number={1},
    pages={45-60},
    year={2022},
    publisher={IEEE}
}

@article{chen2023,
    author={Chen, Z. and Zhang, L. and Wang, Y.},
    title={Dynamic Ensemble Learning for Real-time Recommendation Systems},
    journal={Knowledge-Based Systems},
    volume={257},
    pages={107573},
    year={2023},
    publisher={Elsevier}
}

@article{wu2023,
    author={Wu, J. and Li, Y. and Wang, X.},
    title={A Novel Course Recommendation Approach Integrating User Behavior and Semantic Information},
    journal={Neural Computing and Applications},
    volume={35},
    number={9},
    pages={4215-4228},
    year={2023},
    publisher={Springer}
}

@article{yang2024,
    author={Yang, S. and Liu, H. and Xu, W.},
    title={A Multi-source Fusion Approach for Job Skill Recommendation Based on Graph Neural Networks},
    journal={Expert Systems with Applications},
    volume={184},
    pages={115552},
    year={2024},
    publisher={Elsevier}
}

@article{wang2023b,
    author={Wang, Y. and Liu, S. and Xu, W.},
    title={Dialog Interaction Modeling for Personalized Chatbot Systems},
    journal={Information Sciences},
    volume={512},
    pages={154-167},
    year={2023},
    publisher={Elsevier}
}

@article{li2024,
    author={Li, J. and Zhang, L. and Wu, Q.},
    title={Federated Learning-based Recommendation System for Privacy-Preserving Personalization},
    journal={IEEE Transactions on Network Science and Engineering},
    volume={11},
    number={2},
    pages={604-617},
    year={2024},
    publisher={IEEE}
}

@article{zhao2024,
    author={Zhao, H. and Liu, Y. and Zhang, M.},
    title={A Context-aware Course Recommendation Framework Using Deep Reinforcement Learning},
    journal={Expert Systems with Applications},
    volume={230},
    pages={115989},
    year={2024},
    publisher={Elsevier}
}